@online{auth_github,
	title              = {Profil na portalu GitHub},
	author             = {Dróżdż, Ł.},
	urldate            = {2025-05-15},
	url                = {https://github.com/Kuszki}
}

@online{auth_this,
	title              = {Co zrobić, żeby się nie narobić},
	subtitle           = {Kilka wskazówek odnośnie stosowania narzędzi informatycznych},
	author             = {Dróżdż, Ł.},
	urldate            = {2025-05-15},
	url                = {https://github.com/Kuszki/Latex-Easy-Tips}
}

@article{ldrjro_dwtownerr,
	author = {Dróżdż, Ł. and Roj, J.},
	title = {Origin and properties of own error signals of the discrete wavelet transform algorithms},
	journal = {International Journal of Electronics and Telecommunications},
	publisher = {PAN},
	year = {2024},
	volume = {70},
	number = {3},
	pages = {643–648},
	doi = {10.24425/ijet.2024.149591}
}

@book{mallat_wavelet,
	title = {A wavelet tour of signal processing},
	subtitle = {The Sparse Way},
	author = {Mallat, S.},
	year = {2008},
	publisher = {Academic Press},
	edition = {3},
	isbn = {978-0123743701}
}
